@online{4510u,
	author = {Intel},
	title = {Intel® Core™ i7-4510U Processor},
	date = {Apr 14, 2014},
	url = {https://ark.intel.com/products/81015/Intel-Core-i7-4510U-Processor-4M-Cache-up-to-3_10-GHz},
}
