@online{4510u,
	title = {Intel® Core™ i7-4510U Processor},
	date = {2014},
	month = {4},
	day = {14},
	url = {https://ark.intel.com/products/81015/Intel-Core-i7-4510U-Processor-4M-Cache-up-to-3_10-GHz},
}
@online{IIG,
	title = {Intel® Intrinsics Guide},
	url = {https://software.intel.com/sites/landingpage/IntrinsicsGuide/},
}
@online{GCCOPT,
	title = {Using the GNU Compiler Collection (GCC): Optimize Options},
	url = {https://gcc.gnu.org/onlinedocs/gcc/Optimize-Options.html},
}

@online{ALIAS,
	author ={Cook, D.},
	date = {1997},
	month = {8},
	title = {Performance Implications of Pointer Aliasing},
	url = {ftp://ftp.sgi.com/sgi/audio/audio.apps/dev/aliasing.html},
}
@online{ISOLCPU,
	title = {The kernel’s command-line parameters},
	url = {https://www.kernel.org/doc/html/v4.14/admin-guide/kernel-parameters.html},
}

@online{SCHEDU,
	title = {Tuning the Task Scheduler},
	url = {https://doc.opensuse.org/documentation/leap/tuning/html/book.sle.tuning/cha.tuning.taskscheduler.html},
}

@manual{TSC,
	title = {Intel® 64 and IA-32 Architectures
	Software Developer’s Manual, Vol 3A},
	date = {2018},
	month = {3},
	chapter = {17.17},
	url = {https://software.intel.com/sites/default/files/managed/39/c5/325462-sdm-vol-1-2abcd-3abcd.pdf},
}
@online{LIBPFC,
	author = {Bilaniuk, O.},
	title = {libpfc - A small library and kernel module for easy access to x86 performance monitor counters under Linux},
	url = {https://github.com/obilaniu/libpfc},
}
